@article{knuth84,
  author = {Knuth, Donald E.},
  title = {Literate Programming},
  year = {1984},
  issue_date = {May 1984},
  publisher = {Oxford University Press, Inc.},
  address = {USA},
  volume = {27},
  number = {2},
  issn = {0010-4620},
  url = {https://doi.org/10.1093/comjnl/27.2.97},
  doi = {10.1093/comjnl/27.2.97},
  journal = {Comput. J.},
  month = may,
  pages = {97â€“111},
  numpages = {15}
}


@article{hong2005snares,
  title={SNAREs and traffic},
  author={Hong, Wanjin},
  journal={Biochimica et Biophysica Acta (BBA)-Molecular Cell Research},
  volume={1744},
  number={2},
  pages={120--144},
  year={2005},
  publisher={Elsevier}
}